<record><leader>00000cas a22000007a 4500</leader><controlfield tag="001">21434660</controlfield><controlfield tag="008">900426d19801982mnuwr ne      0    0eng d</controlfield><datafield ind1=" " ind2=" " tag="010"><subfield code="a">sn 90059486 </subfield></datafield><datafield ind1=" " ind2=" " tag="040"><subfield code="a">MN#</subfield><subfield code="b">eng</subfield><subfield code="c">MN#</subfield><subfield code="d">OCLCQ</subfield></datafield><datafield ind1=" " ind2=" " tag="042"><subfield code="a">msc</subfield></datafield><datafield ind1=" " ind2=" " tag="043"><subfield code="a">n-us-mn</subfield></datafield><datafield ind1=" " ind2=" " tag="052"><subfield code="a">4144</subfield><subfield code="b">S4</subfield></datafield><datafield ind1="0" ind2="4" tag="245"><subfield code="a">The Saint Paul downtown skyway news.</subfield></datafield><datafield ind1="3" ind2="0" tag="246"><subfield code="a">Skyway news</subfield></datafield><datafield ind1=" " ind2=" " tag="260"><subfield code="a">St. Paul, MN :</subfield><subfield code="b">Sam H. Kaufman,</subfield><subfield code="c">1980-1982.</subfield></datafield><datafield ind1=" " ind2=" " tag="300"><subfield code="a">3 v.</subfield></datafield><datafield ind1=" " ind2=" " tag="310"><subfield code="a">Weekly</subfield></datafield><datafield ind1="0" ind2=" " tag="362"><subfield code="a">Vol. 1, no. 1 (Apr. 2, 1980)-v. 3, no. 38 (Sept. 22, 1982).</subfield></datafield><datafield ind1=" " ind2=" " tag="530"><subfield code="a">Available on microfilm from the Minnesota Historical Society.</subfield></datafield><datafield ind1=" " ind2=" " tag="752"><subfield code="a">United States</subfield><subfield code="b">Minnesota</subfield><subfield code="c">Ramsey</subfield><subfield code="d">Saint Paul.</subfield></datafield><datafield ind1="0" ind2="0" tag="785"><subfield code="t">Skyway news (Saint Paul, Minn.)</subfield><subfield code="w">(DLC)sn 90059487</subfield></datafield></record>